<?xml version="1.0" encoding="UTF-8"?><collection xmlns="http://www.loc.gov/MARC21/slim"><record><leader>00342nam--2200121-i-4500</leader><controlfield tag="001">000026625</controlfield><controlfield tag="002">20161230</controlfield><controlfield tag="005">20161230201036</controlfield><controlfield tag="008">060222s1000------------r-----000-0-eng-d</controlfield><datafield ind1=" " ind2=" " tag="100"><subfield code="a">Keister, W., Ritchie, A.E.And Washburn, Seith H</subfield></datafield><datafield ind1=" " ind2=" " tag="260"><subfield code="a">New York, Van Nostrand, 1956, Xviii + 556p.Cu Fig</subfield></datafield><datafield ind1=" " ind2=" " tag="490"><subfield code="a">Bell Laboratories Series</subfield></datafield><datafield ind1=" " ind2=" " tag="852"><subfield code="a">11124</subfield></datafield></record></collection>